@book{kneser,
	author={{M}. {K}neser},
	title={{Q}uadratische {F}ormen},
	publisher={{S}pringer},
	year={2002}
}